@article {
  stats,
  author = {Finch, Tony},
  title = {Incremental calculation of weighted mean and variance},  
  year = {2009},
  url = {http://people.ds.cam.ac.uk/fanf2/hermes/doc/antiforgery/stats.pdf}
}

@inproceedings {
  potential,
  author = {Čaklović, Lavoslav},
  title = {Decision Making by Potential Method},
  year = {2003},
  url = {https://pdfs.semanticscholar.org/3f2a/12f13a36ef89c475ab51ad364086ec5b415b.pdf}
}

@article {
  engle-granger,
  author = {Engle, R. F. i Granger, C. W. J.},
  title = {Co-Integration and Error Correction: Representation, Estimation, and Testing},
  year = {1987},
  url = {https://www.jstor.org/stable/pdf/1913236.pdf},
  journal = {Econometrica}
}

@article {
  dickey-fuller,
  author = {Dickey, David A. i Fuller, Wayne A.},
  title = {Distribution of the Estimators for Autoregressive Time Series With a Unit Root},
  year = {1979},
  url = {https://www.jstor.org/stable/pdf/2286348.pdf},
  journal = {Journal of the American Statistical Association 74, no. 366}
}

@book {
  finmat,
  author = {Capinski, Marek i Zastawniak, Tomasz},
  title = {Mathematics for Finance: An Introduction to Financial Engineering},
  publisher = {Springer},
  year = {2003},
  isbn = {9780387142227,0-387-14222-3,1852333308}
}

@book {
  inzeko,
  author = {Sabolić, Dubravko},
  title = {Uvod u mikroekonomiku},
  publisher = {Bilješke s predavanja},
  year = {2013}
}

@article {
  metpotexact,
  author = {Čaklović, Lavoslav i Šego, Vedran},
  title = {Potential Method Applied on Exact Data},
  journal = {Proceedings of 9\textsuperscript{th} International Conference on Opreational Research KOI2002, Trogir},
  year = {2002},
  url = {https://pdfs.semanticscholar.org/75a3/364feaf512ccb994dfe3f0775f25a31c487b.pdf}
}

@book {
  spurious,
  author = {Banerjee, Anindya},
  title = {Co-integration, Error Correction, and the Econometric Analysis of Non-stationary Data},
  publisher = {Oxford},
  year = {2003},
  isbn = {0-19-828810-7}
  Banerjee, Anindya. Co-integration, Error Correction, and the Econometric Analysis of Non-stationary Data. Oxford: Oxford UP, 2003. Print. 
}

@book{
  ross2011elementary,
  title={An Elementary Introduction to Mathematical Finance},
  author={Ross, S.M.},
  isbn={9781139498036},
  url={https://books.google.hr/books?id=roYOpM96m5sC},
  year={2011},
  publisher={Cambridge University Press}
}

@Misc{
  scipy,
  author =    {Jones, Eric i Oliphant, Travis i Peterson, Pearu i ostali},
  title =     {{SciPy}: Open source scientific tools for {Python}},
  year =      {2001},
  url = "http://www.scipy.org/",
}